<record><leader>00000cas a22000007a 4500</leader><controlfield tag="001">22945365</controlfield><controlfield tag="008">910110d19661971mauwr ne      0    0eng d</controlfield><datafield ind1=" " ind2=" " tag="010"><subfield code="a">sn 89063431 </subfield></datafield><datafield ind1=" " ind2=" " tag="040"><subfield code="a">MGN</subfield><subfield code="b">eng</subfield><subfield code="c">MGN</subfield><subfield code="d">OCLCQ</subfield></datafield><datafield ind1=" " ind2=" " tag="042"><subfield code="a">msc</subfield></datafield><datafield ind1="0" ind2=" " tag="130"><subfield code="a">Wayland Weston town crier (Wayland, Mass. : 1966)</subfield></datafield><datafield ind1="1" ind2="4" tag="245"><subfield code="a">The Wayland-Weston town crier.</subfield></datafield><datafield ind1=" " ind2=" " tag="260"><subfield code="a">Wayland, Mass. :</subfield><subfield code="b">Town Crier, Inc.</subfield></datafield><datafield ind1=" " ind2=" " tag="300"><subfield code="a">v.</subfield></datafield><datafield ind1=" " ind2=" " tag="310"><subfield code="a">Weekly</subfield></datafield><datafield ind1="0" ind2=" " tag="362"><subfield code="a">Vol. 19, no. 25 (June 23, 1966)-v. 23, no. 17 (Apr. 29, 1971).</subfield></datafield><datafield ind1=" " ind2=" " tag="752"><subfield code="a">United States</subfield><subfield code="b">Massachusetts</subfield><subfield code="c">Middlesex</subfield><subfield code="d">Wayland.</subfield></datafield><datafield ind1=" " ind2=" " tag="752"><subfield code="a">United States</subfield><subfield code="b">Massachusetts</subfield><subfield code="c">Middlesex</subfield><subfield code="d">Weston.</subfield></datafield><datafield ind1="0" ind2="0" tag="780"><subfield code="t">Town crier (Wayland, Mass.)</subfield><subfield code="w">(DLC)sn 89063430</subfield></datafield><datafield ind1="0" ind2="1" tag="785"><subfield code="t">Wayland town crier (Wayland, Mass. : 1971)</subfield><subfield code="w">(DLC)sn 89063433</subfield></datafield><datafield ind1="0" ind2="1" tag="785"><subfield code="t">Weston town crier</subfield><subfield code="w">(DLC)sn 89063432</subfield></datafield><datafield ind1="1" ind2=" " tag="029"><subfield code="a">AU@</subfield><subfield code="b">000020634716</subfield></datafield></record>